@article{Li2011,
 author = {Li, Xiaozhou and Lillibridge, Mark and Uysal, Mustafa},
 title = {Reliability Analysis of Deduplicated and Erasure-coded Storage},
 journal = {SIGMETRICS Perform. Eval. Rev.},
 issue_date = {December 2010},
 volume = {38},
 number = {3},
 month = jan,
 year = {2011},
 issn = {0163-5999},
 pages = {4--9},
 numpages = {6},
 publisher = {ACM}
}



@article{Fu2014,
  author    = {Yinjin Fu and
               Hong Jiang and
               Nong Xiao and
               Lei Tian and
               Fang Liu and
               Lei Xu},
  title     = {Application-Aware Local-Global Source Deduplication for Cloud Backup
               Services of Personal Storage},
  journal   = {{IEEE} Trans. Parallel Distrib. Syst.},
  volume    = {25},
  number    = {5},
  pages     = {1155--1165},
  year      = {2014}
}

@inproceedings{Tan2010,
  author    = {Yujuan Tan and
               Hong Jiang and
               Dan Feng and
               Lei Tian and
               Zhichao Yan and
               Guohui Zhou},
  title     = {{SAM:} {A} Semantic-Aware Multi-tiered Source De-duplication Framework
               for Cloud Backup},
  booktitle = {39th International Conference on Parallel Processing, {ICPP} 2010,
               San Diego, California, USA, 13-16 September 2010},
  pages     = {614--623},
  year      = {2010}
}

@inproceedings{SmaldoneWH13,
  author    = {Stephen Smaldone and
               Grant Wallace and
               Windsor Hsu},
  title     = {Efficiently Storing Virtual Machine Backups},
  booktitle = {5th USENIX HotStorage (Hot Topics in Storage and File Systems), 
               San Jose, CA, USA, June 27-28, 2013},
  year      = {2013}
}
