@inproceedings{wei2013,
 author = {Wei Zhang and Tao Yang and Gautham Narayanasamy and Hong Tang},
 title = {Low-Cost Data Deduplication for Virtual Machine Backup in Cloud Storage},
 booktitle = {Proceedings of the 5th USENIX workshop on Hot Topics in Storage and File Systems},
 series = {HotStorage'13},
 year = {2013},
 location = {San Jose, CA},
 numpages = {5},
 url = {http://dl.acm.org/citation.cfm?id=2342806.2342808},
 acmid = {2342808},
 publisher = {USENIX Association},
 address = {Berkeley, CA, USA},
} 


@inproceedings{Srinivasan2012,
 author = {Srinivasan, Kiran and Bisson, Tim and Goodson, Garth and Voruganti, Kaladhar},
 title = {iDedup: latency-aware, inline data deduplication for primary storage},
 booktitle = {Proceedings of the 10th USENIX conference on File and Storage Technologies},
 series = {FAST'12},
 year = {2012},
 location = {San Jose, CA},
 pages = {24--24},
 numpages = {1},
 url = {http://dl.acm.org/citation.cfm?id=2208461.2208485},
 acmid = {2208485},
 publisher = {USENIX Association},
 address = {Berkeley, CA, USA},
} 

@inproceedings{Michael2013,
 author = {Michael Ovsiannikov and Silvius Rus and Damian Reeves and Paul Sutter and Sriram Rao and Jim Kelly and Chris Zimmermanand and Dan Adkins and Thilee Subramaniam and Jeremy Fishman},
 title = {The Quantcast File System},
 booktitle = {Proceedings of the 39th international conference on Very Large Data Bases},
 series = {VLDB'13},
 year = {2013},
 isbn = {978-1-931971-82-9},
 location = {Riva Del Garda, Trento},
 pages = {2--2},
 numpages = {1},
 url = {http://dl.acm.org/citation.cfm?id=1960475.1960477},
 acmid = {1960477},
 publisher = {VLDB},
 address = {Berkeley, CA, USA},
} 

@inproceedings{Przemyslaw2013,
 author = {Przemyslaw Strzelczak and Elzbieta Adamczyk and Urszula Herman-Izycka and Jakub Sakowicz and Lukasz Slusarczyk and Jaroslaw Wrona and and Cezary Dubnicki},
 title = {Concurrent Deletion in a Distributed Content-Addressable Storage System with Global Deduplication},
 booktitle = {Proceedings of the 11th USENIX conference on File and storage technologies},
 series = {FAST'13},
 year = {2013},
 isbn = {978-1-931971-82-9},
 location = {San Jose, California},
 pages = {161--174},
 numpages = {1},
 url = {http://dl.acm.org/citation.cfm?id=1960475.1960477},
 acmid = {1960477},
 publisher = {USENIX Association},
 address = {Berkeley, CA, USA},
} 

@inproceedings{Fabiano2013,
 author = {Fabiano C. Botelho and Philip Shilane and Nitin Garg and Windsor Hsu},
 title = {Memory Efficient Sanitization of a Deduplicated Storage System},
 booktitle = {Proceedings of the 11th USENIX conference on File and storage technologies},
 series = {FAST'13},
 year = {2013},
 isbn = {978-1-931971-82-9},
 location = {San Jose, California},
 pages = {81--94},
 numpages = {14},
 url = {http://dl.acm.org/citation.cfm?id=1960475.1960477},
 acmid = {1960477},
 publisher = {USENIX Association},
 address = {Berkeley, CA, USA},
} 

@inproceedings{Dong2011,
 author = {Dong, Wei and Douglis, Fred and Li, Kai and Patterson, Hugo and Reddy, Sazzala and Shilane, Philip},
 title = {Tradeoffs in scalable data routing for deduplication clusters},
 booktitle = {Proceedings of the 9th USENIX conference on File and stroage technologies},
 series = {FAST'11},
 year = {2011},
 isbn = {978-1-931971-82-9},
 location = {San Jose, California},
 pages = {2--2},
 numpages = {1},
 url = {http://dl.acm.org/citation.cfm?id=1960475.1960477},
 acmid = {1960477},
 publisher = {USENIX Association},
 address = {Berkeley, CA, USA},
} 

@INPROCEEDINGS{hdfs10, 
author={Shvachko, K. and Hairong Kuang and Radia, S. and Chansler, R.}, 
booktitle={2010 IEEE 26th Symposium on Mass Storage Systems and Technologies (MSST)}, 
title={The Hadoop Distributed File System}, 
year={2010}, 
pages={1-10}, 
keywords={Internet;distributed databases;network operating systems;Hadoop distributed file system;Yahoo!;data storage;data stream;enterprise data;Bandwidth;Clustering algorithms;Computer architecture;Concurrent computing;Distributed computing;Facebook;File servers;File systems;Protection;Protocols;HDFS;Hadoop;distributed file system}, 
doi={10.1109/MSST.2010.5496972},}

@inproceedings{Vrable2009,
  added-at = {2009-03-03T00:00:00.000+0100},
  author = {Vrable, Michael and Savage, Stefan and Voelker, Geoffrey M.},
  biburl = {http://www.bibsonomy.org/bibtex/21d197846008f6e5995e2f73373d114a5/dblp},
  title = {Cumulus: Filesystem Backup to the Cloud},
  booktitle = {FAST'09},
  date = {2009-03-03},
  year = {2009},
  description = {dblp},
  ee = {http://www.usenix.org/events/fast09/tech/full_papers/vrable/vrable.pdf},
  interhash = {82fad15f93ab47eb9edc1e5b93ed5727},
  intrahash = {1d197846008f6e5995e2f73373d114a5},
  isbn = {978-1-931971-66-9},
  keywords = {dblp},
  pages = {225-238},
}
@inproceedings{Hansen2010,
 author = {Hansen, Jacob Gorm and Jul, Eric},
 title = {Lithium: virtual machine storage for the cloud},
 booktitle = {Proceedings of the 1st ACM symposium on Cloud computing},
 series = {SoCC '10},
 year = {2010},
 isbn = {978-1-4503-0036-0},
 location = {Indianapolis, Indiana, USA},
 pages = {15--26},
 numpages = {12},
 url = {http://doi.acm.org/10.1145/1807128.1807134},
 doi = {http://doi.acm.org/10.1145/1807128.1807134},
 acmid = {1807134},
 publisher = {ACM},
 address = {New York, NY, USA},
 keywords = {cloud computing, file systems, replication, virtual machines},
} 

@inproceedings{NGmiddleware2011,
  author    = {Chun-Ho Ng and
               Mingcao Ma and
               Tsz-Yeung Wong and
               Patrick P. C. Lee and
               John C. S. Lui},
  title     = {Live Deduplication Storage of Virtual Machine Images in
               an Open-Source Cloud},
  booktitle = {Middleware},
  year      = {2011},
  pages     = {81-100}
}

@inproceedings{TanIPDPS2011,
  author    = {Yujuan Tan and
               Hong Jiang and
               Dan Feng and
               Lei Tian and
               Zhichao Yan},
  title     = {CABdedupe: A Causality-Based Deduplication Performance Booster
               for Cloud Backup Services},
  booktitle = {IPDPS'11},
  year      = {2011},
  pages     = {1266-1277}
}

@inproceedings{Rhea2008,
 author = {Rhea, Sean and Cox, Russ and Pesterev, Alex},
 title = {Fast, inexpensive content-addressed storage in foundation},
 booktitle = {USENIX ATC'08},
 year = {2008},
 location = {Boston, Massachusetts},
 pages = {143--156},
 numpages = {14},
 url = {http://dl.acm.org/citation.cfm?id=1404014.1404025},
 acmid = {1404025},
 publisher = {USENIX Association},
 address = {Berkeley, CA, USA},
} 
@inproceedings{Quinlan2002,
 author = {Quinlan, Sean and Dorward, Sean},
 title = {Awarded Best Paper! - Venti: A New Approach to Archival Data Storage},
 booktitle = {Proceedings of the 1st USENIX Conference on File and Storage Technologies},
 series = {FAST '02},
 year = {2002},
 location = {Monterey, CA},
 articleno = {7},
 url = {http://dl.acm.org/citation.cfm?id=1083323.1083333},
 acmid = {1083333},
 publisher = {USENIX Association},
 address = {Berkeley, CA, USA},
} 

@article{Xen2003,
 author = {Barham, Paul and Dragovic, Boris and Fraser, Keir and Hand, Steven and Harris, Tim and Ho, Alex and Neugebauer, Rolf and Pratt, Ian and Warfield, Andrew},
 title = {Xen and the art of virtualization},
 journal = {SIGOPS Oper. Syst. Rev.},
 issue_date = {December 2003},
 volume = {37},
 issue = {5},
 month = oct,
 year = {2003},
 issn = {0163-5980},
 pages = {164--177},
 numpages = {14},
 url = {http://doi.acm.org/10.1145/1165389.945462},
 doi = {http://doi.acm.org/10.1145/1165389.945462},
 acmid = {945462},
 publisher = {ACM},
 address = {New York, NY, USA},
 keywords = {hypervisors, paravirtualization, virtual machine monitors},
} 

@article{memcached,
 author = {Fitzpatrick, Brad},
 title = {Distributed caching with memcached},
 journal = {Linux J.},
 issue_date = {August 2004},
 volume = {2004},
 issue = {124},
 month = aug,
 year = {2004},
 issn = {1075-3583},
 pages = {5--},
 url = {http://dl.acm.org/citation.cfm?id=1012889.1012894},
 acmid = {1012894},
 publisher = {Belltown Media},
 address = {Houston, TX}
} 

@inproceedings{WeiZhangIEEE,
  author    = {Wei Zhang and
               Hong Tang and
               Hao Jiang and
               Tao Yang and
               Xiaogang Li and
               Yue Zeng},
  title     = {Multi-level Selective Deduplication for VM Snapshots in Cloud Storage},
  year = {2012},
  booktitle = {IEEE CLOUD'12},
  pages     = {550-557}
}

@MISC{EMC,
  author    = {EMC},
  title     = {
{Achieving storage efficiency through EMC Celerra data deduplication.
White Paper}},
  year      = {2010}
}
@MISC{NutanixPaper,
  author    = {Nutanix},
  title     = {
{Nutanix Complete Cluster,
A Technical Whitepaper
}},
  year      = {2013}
}
@inproceedings{DEBAR,
  author    = {Tianming Yang and
               Hong Jiang and
               Dan Feng and
               Zhongying Niu and
               Ke Zhou and
               Yaping Wan},
  title     = {DEBAR: A scalable high-performance de-duplication storage
               system for backup and archiving},
  booktitle = {IEEE IPDPS},
  year      = {2010},
  pages     = {1-12}
}

@MISC{NetAppOffline,
  author    = {Carlos Alvarez},
  title     = {
{NetApp Deduplication for FAS and V-Series Deployment and Implementation Guide.
NetApp.  Technical Report TR-3505 }
               },
  year      = {2011}
}
